<?xml version="1.0" encoding="UTF-8"?><collection xmlns="http://www.loc.gov/MARC21/slim"><record><leader>00316nam--2200133-i-4500</leader><controlfield tag="001">000030446</controlfield><controlfield tag="002">20161230</controlfield><controlfield tag="005">20161230201038</controlfield><controlfield tag="008">060222s1000------------r-----000-0-eng-d</controlfield><datafield ind1=" " ind2=" " tag="080"><subfield code="a">061.62(520):001.891:621.384.634</subfield></datafield><datafield ind1=" " ind2=" " tag="245"><subfield code="a">Radiation laboratory 1991</subfield></datafield><datafield ind1=" " ind2=" " tag="260"><subfield code="a">Tokyo, Issp, 1991</subfield></datafield><datafield ind1=" " ind2=" " tag="490"><subfield code="a">Issp</subfield></datafield><datafield ind1=" " ind2=" " tag="852"><subfield code="a">48656</subfield></datafield></record></collection>